<?xml version="1.0" encoding="UTF-8"?><record xmlns="http://www.loc.gov/MARC21/slim" xmlns:cinclude="http://apache.org/cocoon/include/1.0" xmlns:zs="http://www.loc.gov/zing/srw/">
  <leader>00516nz  a2200145n  4500</leader>
  <controlfield tag="001">no2005047918</controlfield>
  <controlfield tag="003">DLC</controlfield>
  <controlfield tag="005">20050521071100.0</controlfield>
  <controlfield tag="008">050520n| acannaabn          |n aaa     c</controlfield>
  <datafield tag="010" ind1=" " ind2=" ">
    <subfield code="a">no2005047918</subfield>
  </datafield>
  <datafield tag="035" ind1=" " ind2=" ">
    <subfield code="a">(OCoLC)oca06638657</subfield>
  </datafield>
  <datafield tag="040" ind1=" " ind2=" ">
    <subfield code="a">NBuU-Mu</subfield>
    <subfield code="b">eng</subfield>
    <subfield code="c">NBuU-Mu</subfield>
  </datafield>
  <datafield tag="100" ind1="1" ind2=" ">
    <subfield code="a">Stuip, Tom,</subfield>
    <subfield code="d">1944-</subfield>
  </datafield>
  <datafield tag="670" ind1=" " ind2=" ">
    <subfield code="a">Delirium Tremolo (Musical group). Banjophobia, p1988:</subfield>
    <subfield code="b">container (Tom Stuip, plectrum and tenor banjo)</subfield>
  </datafield>
  <datafield tag="670" ind1=" " ind2=" ">
    <subfield code="a">Pietsch Banjo Comp. WWW site, May 16, 2005</subfield>
    <subfield code="b">(Tom Stuip; b. 1944, Rotterdam; lives in Den Haag)</subfield>
  </datafield>
</record>